% This file was created with JabRef 2.10.
% Encoding: ISO8859_1


@Book{MR1079726,
  Title                    = {The geometry of four-manifolds},
  Author                   = {Donaldson, S. K. and Kronheimer, P. B.},
  Publisher                = {The Clarendon Press, Oxford University Press, New York},
  Year                     = {1990},
  Note                     = {Oxford Science Publications},
  Series                   = {Oxford Mathematical Monographs},

  ISBN                     = {0-19-853553-8},
  Mrclass                  = {57R57 (57N13 57R55 58D27 58G05)},
  Mrnumber                 = {1079726 (92a:57036)},
  Mrreviewer               = {Ronald J. Stern},
  Owner                    = {neitzke},
  Pages                    = {x+440},
  Timestamp                = {2016.01.20}
}

